<record><leader>00000cas a2200000 a 4500</leader><controlfield tag="001">27952655</controlfield><controlfield tag="008">930420d19061941caudr ne      0    0eng c</controlfield><datafield ind1=" " ind2=" " tag="010"><subfield code="a">sn 93051449 </subfield></datafield><datafield ind1=" " ind2=" " tag="040"><subfield code="a">CUY</subfield><subfield code="b">eng</subfield><subfield code="c">CNK</subfield><subfield code="d">OCLCQ</subfield><subfield code="d">CNK</subfield><subfield code="d">OCLCQ</subfield><subfield code="d">OCLCF</subfield><subfield code="d">OCLCO</subfield></datafield><datafield ind1=" " ind2=" " tag="042"><subfield code="a">pcc</subfield></datafield><datafield ind1=" " ind2=" " tag="043"><subfield code="a">n-us-ca</subfield></datafield><datafield ind1="0" ind2="0" tag="245"><subfield code="a">Courier-free press.</subfield></datafield><datafield ind1="3" ind2="0" tag="246"><subfield code="a">Shasta courier</subfield></datafield><datafield ind1="3" ind2="0" tag="246"><subfield code="a">Searchlight, courier free-press</subfield></datafield><datafield ind1=" " ind2=" " tag="260"><subfield code="a">Redding, Shasta County, Calif. :</subfield><subfield code="b">Courier-Free Press News Co.</subfield></datafield><datafield ind1=" " ind2=" " tag="300"><subfield code="a">v.</subfield></datafield><datafield ind1=" " ind2=" " tag="310"><subfield code="a">Daily</subfield></datafield><datafield ind1="0" ind2=" " tag="362"><subfield code="a">Vol. 21, no. 87 (Mar. 5, 1906)-v. 2, no. 23 (Apr. 20, 1941).</subfield></datafield><datafield ind1=" " ind2=" " tag="500"><subfield code="a">Issue for June 13, 1929 called: Shasta courier.</subfield></datafield><datafield ind1=" " ind2=" " tag="500"><subfield code="a">On Sundays published as: Searchlight, courier free press, Nov. 12, 1939-Apr. 20, 1941.</subfield></datafield><datafield ind1=" " ind2=" " tag="515"><subfield code="a">Daily and Sunday issues have their own numbering.</subfield></datafield><datafield ind1=" " ind2=" " tag="530"><subfield code="a">Master negatives are available for duplication from:</subfield><subfield code="b">California Newspaper Microfilm Archive;</subfield><subfield code="c">positive copies may be purchased by the reel; for further information consult the CNMA at:</subfield><subfield code="u">http://cbsr.ucr.edu</subfield></datafield><datafield ind1=" " ind2="0" tag="651"><subfield code="a">Shasta County (Calif.)</subfield><subfield code="v">Newspapers.</subfield></datafield><datafield ind1=" " ind2="7" tag="655"><subfield code="a">Newspapers.</subfield><subfield code="2">fast</subfield><subfield code="0">(OCoLC)fst01423814</subfield></datafield><datafield ind1=" " ind2="7" tag="651"><subfield code="a">California</subfield><subfield code="z">Shasta County.</subfield><subfield code="2">fast</subfield><subfield code="0">(OCoLC)fst01215710</subfield></datafield><datafield ind1=" " ind2=" " tag="752"><subfield code="a">United States</subfield><subfield code="b">California</subfield><subfield code="c">Shasta</subfield><subfield code="d">Redding.</subfield></datafield><datafield ind1="0" ind2=" " tag="775"><subfield code="t">Shasta courier (Redding, Calif. : Semiweekly)</subfield><subfield code="w">(DLC)sn 93051448</subfield></datafield><datafield ind1="0" ind2="4" tag="780"><subfield code="t">Shasta courier (Redding, Calif. : Daily)</subfield><subfield code="w">(DLC)sn 93051447</subfield></datafield><datafield ind1="0" ind2="4" tag="780"><subfield code="t">Free press (Redding, Calif.)</subfield><subfield code="w">(DLC)sn 93051452</subfield></datafield><datafield ind1="0" ind2="7" tag="785"><subfield code="t">Redding record</subfield><subfield code="w">(DLC)sn 95061899</subfield></datafield><datafield ind1="0" ind2="7" tag="785"><subfield code="t">Redding record and the courier-free press</subfield><subfield code="w">(DLC)sn 93051453</subfield></datafield></record>